<record xmlns='http://www.loc.gov/MARC21/slim'><leader>01318cim a22003252u 4500</leader><controlfield tag='001'>3601925</controlfield><controlfield tag='005'>20151214182959.0</controlfield><controlfield tag='007'>ss|lmnjluz|nuu</controlfield><controlfield tag='008'>991101s1988    nyunnn         l    eng d</controlfield><datafield ind1=' ' ind2=' ' tag='035'><subfield code='a'>(NIC)notisASF8990</subfield></datafield><datafield ind1=' ' ind2=' ' tag='035'><subfield code='a'>3601925</subfield></datafield><datafield ind1=' ' ind2=' ' tag='035'><subfield code='a'>(OCoLC)63898494</subfield></datafield><datafield ind1=' ' ind2=' ' tag='040'><subfield code='a'>NIC</subfield><subfield code='c'>NIC</subfield><subfield code='d'>NIC</subfield><subfield code='d'>NIC</subfield></datafield><datafield ind1='1' ind2=' ' tag='100'><subfield code='a'>Snodgrass, W. D.</subfield><subfield code='q'>(William De Witt),</subfield><subfield code='d'>1926-2009.</subfield></datafield><datafield ind1='1' ind2='0' tag='245'><subfield code='a'>W.D. Snodgrass reads his own poetry</subfield><subfield code='h'>[sound recording]</subfield></datafield><datafield ind1=' ' ind2=' ' tag='260'><subfield code='c'>1988.</subfield></datafield><datafield ind1=' ' ind2=' ' tag='300'><subfield code='a'>1 sound cassette :</subfield><subfield code='b'>analog, mono.</subfield></datafield><datafield ind1=' ' ind2=' ' tag='500'><subfield code='a'>Recorded in Ithaca, NY by Cornell University.</subfield></datafield><datafield ind1=' ' ind2=' ' tag='500'><subfield code='a'>Sponsored by: English, Department of.</subfield></datafield><datafield ind1=' ' ind2=' ' tag='500'><subfield code='a'>Speaker(s): 1960 Pulitzer Prize winner in poetry for his first book, &quot;Heart&apos;s Needle&quot;; visiting professor of poetry, Cornell.</subfield></datafield><datafield ind1=' ' ind2=' ' tag='518'><subfield code='a'>Reading, September 26, 1988.</subfield></datafield><datafield ind1=' ' ind2=' ' tag='520'><subfield code='a'>Snodgrass reads passages from autobiographical sketches composed while he was visiting and working in Mexico.</subfield></datafield><datafield ind1='1' ind2='0' tag='600'><subfield code='a'>Snodgrass, W. D.</subfield><subfield code='q'>(William De Witt),</subfield><subfield code='d'>1926-2009.</subfield></datafield><datafield ind1=' ' ind2='0' tag='650'><subfield code='a'>Poetry, Modern</subfield><subfield code='y'>20th century.</subfield></datafield><datafield ind1='1' ind2='7' tag='600'><subfield code='a'>Snodgrass, W. D.</subfield><subfield code='q'>(William De Witt),</subfield><subfield code='d'>1926-2009</subfield><subfield code='2'>fast</subfield><subfield code='0'>(OCoLC)fst01733107</subfield></datafield><datafield ind1=' ' ind2='7' tag='648'><subfield code='a'>1900 - 1999</subfield><subfield code='2'>fast</subfield></datafield><datafield ind1=' ' ind2='7' tag='650'><subfield code='a'>Poetry, Modern</subfield><subfield code='2'>fast</subfield><subfield code='0'>(OCoLC)fst01067769</subfield></datafield><datafield ind1='1' ind2=' ' tag='899'><subfield code='a'>CULectures</subfield></datafield><datafield ind1=' ' ind2=' ' tag='905'><subfield code='a'>20000405120000.0</subfield></datafield><datafield ind1='2' ind2=' ' tag='948'><subfield code='a'>20141221</subfield><subfield code='b'>m</subfield><subfield code='d'>batch</subfield><subfield code='e'>lts</subfield><subfield code='x'>addfast</subfield></datafield></record>